@book{astrom2010feedback,
  title={Feedback systems: an introduction for scientists and engineers},
  author={Astr{\"o}m, Karl Johan and Murray, Richard M},
  year={2010},
  publisher={Princeton university press}
}

@book{haykin2003,
	title = {Signals ans Systems},
	author = {Simon Haykin and Barry Van Veen},
	year = {2003},
	publisher = {Wiley}
}

@misc{cheever2013bode,
  author = {Cheever, Erik},
  title = {{Rules for Constructing Bode Diagrams}},
  howpublished = "\url{http://lpsa.swarthmore.edu/Bode/Bode.html}",
  year = {2013},
  note = "[Online; accessed 3-Juny-2014]"
}
